2200 3010
1238 438 83 42 Doch
1352 439 81 41 weh!
1452 441 48 35 die
1516 439 145 44 Flamme
1678 442 68 42 faßt
1764 443 58 34 das
1840 442 98 40 Kleid,

1241 505 63 35 Die
1321 505 136 43 Schürze
1473 507 127 41 brennt;
1619 512 33 29 es
1668 507 126 42 leuchtet
1809 510 80 32 weit.

1241 570 50 34 Es
1307 572 112 34 brennt
1435 572 48 34 die
1499 573 106 40 Hand,
1621 578 34 29 es
1672 573 112 35 brennt
1800 574 58 33 das
1878 575 100 42 Haar,

1245 636 49 35 Es
1313 637 110 35 brennt
1439 638 58 34 das
1516 648 94 32 ganze
1628 638 85 36 Kind
1731 640 98 41 sogar.

1239 936 72 34 Und
1333 936 92 42 Minz
1449 937 63 34 und
1536 937 135 43 Maunz,
1693 938 48 33 die
1764 936 125 42 schreien

1242 1004 70 34 Gar
1332 1005 187 41 jämmerlich
1543 1015 35 31 zu
1600 1006 131 41 zweien:

1243 1070 152 41 .Herbei!
1419 1070 130 42 Herbei!
1570 1070 73 34 Wer
1663 1071 70 41 hilft
1754 1069 189 44 geschwind?

1241 1137 52 40 In
1315 1136 103 42 Feuer
1437 1136 71 41 steht
1530 1138 58 32 das
1611 1147 94 32 ganze
1726 1136 102 35 Kind!

1241 1202 113 33 Miau!
1372 1201 89 36 Mio!
1479 1202 112 34 Miau!
1609 1201 89 35 Mio!

1241 1267 52 42 Zu
1314 1268 98 41 Hilf'!
1432 1269 59 34 das
1510 1267 86 34 Kind
1616 1268 110 34 brennt
1745 1267 191 42 lichterloh!"

1239 1593 182 35 Verbrannt
1441 1593 33 42 ist
1494 1594 77 34 alles
1592 1605 77 31 ganz
1687 1596 63 33 und
1770 1605 65 33 gar,

1237 1659 74 35 Das
1328 1670 82 23 arme
1428 1659 84 35 Kind
1530 1662 56 33 mit
1604 1661 88 42 Haut
1709 1662 62 33 und
1790 1664 105 39 Haar;

1237 1726 65 33 Ein
1323 1726 153 41 Häuflein
1495 1727 92 40 Asche
1608 1727 95 34 bleibt
1724 1729 91 32 allein

1237 1793 71 34 Und
1332 1793 86 33 beide
1441 1792 129 43 Schuh',
1594 1794 29 41 so
1646 1793 105 42 hübsch
1775 1795 63 32 und
1863 1794 73 42 fein.

1237 2086 72 34 Und
1331 2087 92 41 Minz
1445 2090 63 33 und
1531 2089 133 41 Maunz,
1687 2090 48 34 die
1757 2091 129 34 kleinen,

1240 2153 61 35 Die
1317 2155 82 39 sitzen
1419 2155 36 33 da
1472 2156 62 33 und
1554 2157 136 33 weinen:

1242 2219 130 40 „Miau!
1394 2220 88 35 Mio!
1505 2221 112 34 Miau!
1638 2222 88 34 Mio!

1238 2285 59 34 Wo
1319 2286 62 40 sind
1403 2287 47 35 die
1470 2298 106 23 armen
1598 2287 132 35 Eltern?
1750 2288 99 34 Wo?"

1239 2352 71 33 Uno
1337 2352 62 39 ihre
1425 2351 130 35 Tränen
1579 2354 114 40 fließen

1237 2417 101 34 Wie's
1360 2418 150 40 Bächlein
1533 2420 55 40 auf
1611 2422 58 32 den
1690 2420 132 41 Wiesen.
