2200 3010
1091 2784 60 36 (17)

621 195 90 68 Die
737 193 262 78 Geschichte
1023 213 114 46 vom
1163 189 452 80 Zvppen-Kaspar.

1339 383 65 35 Der
1423 382 197 42 Kaspar,
1640 382 51 34 der
1710 389 66 26 war
1794 379 196 43 kerngesund,

1340 440 64 33 Ein
1423 441 88 33 dicker
1529 440 74 33 Bub
1621 440 62 33 und
1703 437 178 42 kugelrund,

1340 497 46 34 Er
1405 498 82 40 hatte
1507 497 116 34 Backen
1642 499 48 32 rot
1711 497 62 33 und
1793 495 101 41 frisch;

1340 554 62 34 Die
1420 555 113 40 Suppe
1551 555 39 40 aß
1609 564 31 23 er
1660 553 103 42 hübsch
1782 554 47 33 bei
1848 552 99 40 Tisch.

1340 611 84 41 Doch
1445 611 117 34 einmal
1581 612 67 40 fing
1669 621 30 23 er
1719 621 41 23 an
1779 621 36 30 zu
1839 610 137 40 schrei'n:

1344 669 79 40 „Ich
1445 669 53 41 esse
1518 669 80 33 keine
1618 668 130 40 Suppe!
1782 667 99 33 Nein!

1341 726 60 40 Ich
1422 726 53 41 esse
1492 727 100 33 meine
1609 725 113 40 Suppe
1742 724 95 40 nicht!

1343 783 94 41 Nein,
1455 784 100 33 meine
1574 782 113 40 Suppe
1706 782 46 41 ess'
1774 781 40 41 ich
1834 780 116 42 nicht!"

1338 948 61 34 Am
1419 959 19 23 n
1453 950 18 32 ä
1485 948 28 42 ch
1526 949 22 41 st
1562 959 13 24 e
1588 959 20 24 n
1630 948 83 42 Tag,
1728 967 38 4 —
1781 949 30 41 ja
1827 948 56 43 sieh
1897 958 60 24 nur
1971 948 50 42 her
2032 948 8 35 I

1338 1007 53 34 Da
1410 1014 66 26 war
1491 1017 31 23 er
1540 1007 83 41 schon
1643 1008 59 33 viel
1719 1017 148 31 magerer.

1339 1064 53 34 Da
1410 1065 67 40 fing
1497 1074 30 24 er
1547 1064 112 34 wieder
1677 1074 40 24 an
1736 1074 36 31 zu
1791 1063 139 42 schrei'n:

1341 1122 79 40 »Ich
1438 1122 53 42 esse
1507 1122 80 34 keine
1603 1121 130 40 Suppe!
1763 1121 100 34 Nein!

1337 1179 61 40 Ich
1416 1179 53 41 esse
1484 1180 99 33 meine
1601 1178 112 41 Suppe
1732 1179 94 40 nicht!

1340 1236 94 43 Nein,
1450 1238 100 32 meine
1565 1236 114 40 Suppe
1696 1236 46 41 ess'
1760 1236 40 41 ich
1818 1236 117 41 nicht!"

1338 1400 61 34 Am
1417 1401 178 33 dritten
1613 1399 84 42 Tag,
1715 1410 15 23 o
1746 1400 65 40 weh
1825 1399 63 34 und
1903 1399 67 40 ach!

1337 1456 70 35 Wie
1426 1458 33 41 ist
1477 1458 50 34 der
1546 1456 122 42 Kaspar
1686 1457 85 34 dünn
1790 1456 64 35 und
1874 1455 141 43 schwach!

1339 1516 83 41 Doch
1444 1516 51 33 als
1515 1516 47 34 die
1583 1515 112 41 Suppe
1716 1516 63 33 kam
1798 1515 115 41 herein,

1339 1573 106 41 Gleich
1464 1574 67 42 fing
1552 1584 31 23 er
1602 1573 113 34 wieder
1734 1583 40 23 an
1792 1582 36 31 zu
1849 1572 138 41 schrei'n:

1341 1631 79 41 „Ich
1439 1631 52 41 esse
1508 1631 80 34 keine
1605 1630 129 40 Suppe!
1764 1630 100 33 Nein!

1338 1688 61 40 Ich
1417 1688 53 40 esse
1484 1689 100 32 meine
1602 1687 112 40 Suppe
1733 1687 94 41 nicht!

1341 1744 94 43 Nein,
1451 1746 100 32 meine
1567 1744 112 40 Suppe
1697 1744 45 41 ess'
1761 1744 41 41 ich
1820 1743 115 42 nicht!"

1341 1911 63 35 Am
1425 1912 180 33 vierten
1628 1911 89 41 Tage
1738 1910 113 41 endlich
1874 1920 56 31 gar

1340 1967 66 35 Der
1424 1966 123 43 Kaspar
1566 1969 58 32 wie
1644 1968 49 32 ein
1711 1966 143 42 Fädchen
1872 1975 76 26 war.

1342 2026 46 34 Er
1406 2034 68 32 wog
1492 2026 146 41 vielleicht
1656 2027 48 33 ein
1723 2026 109 41 halbes
1850 2025 59 35 Lot
1937 2043 40 5 —

1341 2084 72 33 Und
1436 2092 66 25 war
1524 2093 48 23 am
1595 2083 185 41 fünften
1802 2082 90 41 Tage
1912 2084 54 33 tot.
