2200 3010
7 1 16 69 f

1087 2899 39 35 (6)

1256 341 86 61 Sie
1371 356 91 59 gar
1490 341 224 74 traurige
1742 337 260 69 Geschichte

1365 421 91 60 mit
1483 423 104 56 dem
1607 419 294 74 Feuerzeug.

1254 606 31 40 P
1301 616 16 23 a
1332 616 19 23 u
1365 605 11 34 l
1391 605 9 33 i
1414 615 19 23 n
1448 605 27 40 ch
1491 616 13 24 e
1518 615 19 24 n
1562 612 65 25 war
1649 603 93 36 allein
1765 613 36 31 zu
1825 602 106 42 Haus,

1254 663 62 34 Die
1339 662 109 35 Eltern
1472 669 104 30 waren
1597 662 85 33 beide
1703 664 71 31 aus.

1254 719 63 34 Als
1336 720 36 41 sie
1392 729 65 23 nun
1477 718 88 42 durch
1586 719 58 32 das
1662 717 141 42 Zimmer
1821 716 111 42 sprang

1254 777 67 34 Mit
1339 776 135 41 leichtem
1494 775 76 35 Mut
1589 776 63 33 und
1673 774 89 43 Sing
1783 775 64 33 und
1866 773 108 43 Sang,

1255 834 53 33 Da
1330 833 50 42 sah
1402 834 36 40 sie
1460 833 131 41 plötzlich
1613 841 54 25 vor
1686 832 51 42 sich
1758 832 81 41 stehn

1256 891 65 34 Ein
1343 890 191 43 Feuerzeug,
1556 892 64 31 nett
1640 889 163 42 anzusehn.

1258 949 93 42 „Ei,"
1374 948 100 42 sprach
1495 949 48 41 sie,
1566 949 58 42 „ei,
1644 949 60 33 wie
1724 947 85 42 schön
1829 946 64 35 und
1914 945 80 42 sein!

1256 1007 73 34 Das
1346 1007 74 42 muß
1440 1008 48 32 ein
1504 1006 129 41 trefflich
1650 1005 172 41 Spielzeug
1839 1005 72 40 sein.

1256 1064 60 40 Ich
1336 1064 97 41 zünde
1451 1065 60 32 mir
1530 1064 46 33 ein
1599 1062 151 42 Hölzchen
1769 1072 51 31 an,

1256 1121 101 34 Wie's
1379 1121 44 40 oft
1440 1120 50 34 die
1508 1119 123 35 Mutter
1650 1120 53 39 hat
1722 1118 122 41 getan."

1262 1280 72 33 Und
1359 1279 39 34 M
1413 1280 9 33 i
1436 1289 20 23 n
1470 1290 14 30 z
1508 1280 63 33 und
1595 1279 39 33 M
1649 1290 17 22 a
1680 1289 20 23 u
1713 1288 21 25 n
1748 1288 36 32 z,
1806 1279 47 34 die
1877 1277 124 43 Katzen,

1263 1335 144 41 Erheben
1425 1337 64 39 ihre
1509 1336 124 41 Tatzen.

1263 1393 62 34 Sie
1349 1393 114 41 drohen
1487 1395 56 32 mit
1568 1393 56 33 den
1648 1392 135 41 Pfoten:

1265 1450 86 42 „Der
1381 1450 99 36 Vater
1511 1449 82 43 hat's
1625 1449 161 37 verboten!

1262 1507 114 35 Miau!
1396 1508 90 33 Mio!
1504 1507 113 35 Miau!
1637 1508 88 33 Mio!

1263 1566 67 40 Laß
1349 1565 97 42 stehn!
1477 1564 98 43 Sonst
1592 1566 119 40 brennst
1731 1566 38 34 du
1789 1563 192 43 lichterloh!"

1261 1865 199 44 Paulinchen
1480 1865 68 40 hört
1568 1864 47 33 die
1636 1860 111 42 Katzen
1769 1859 96 40 nicht!

1263 1925 74 33 Das
1358 1923 152 44 Hölzchen
1528 1922 110 33 brennt
1656 1929 55 30 gar
1729 1918 56 40 hell
1803 1920 63 30 und
1886 1914 78 39 licht,

1264 1984 74 33 Das
1358 1982 115 41 flackert
1492 1979 100 41 lustig,
1611 1977 117 41 knistert
1746 1977 77 38 laut,

1265 2041 90 33 Grad
1376 2040 58 32 wie
1453 2037 78 41 ihr's
1548 2036 55 40 auf
1620 2036 66 32 dem
1705 2033 95 35 Bilde
1818 2031 108 42 schaut.

1266 2095 197 43 Paulinchen
1483 2095 71 33 aber
1573 2093 79 40 freut
1672 2092 50 41 sich
1744 2090 64 40 sehr

1267 2156 71 32 Und
1358 2154 111 42 sprang
1490 2153 40 32 im
1549 2149 140 43 Zimmer
1708 2148 52 41 hin
1781 2147 61 32 und
1863 2145 59 36 her.

1261 2323 84 40 Doch
1362 2320 93 42 Minz
1473 2320 64 32 und
1555 2317 135 40 Maunz,
1709 2315 47 34 die
1775 2313 113 40 Katzen

1263 2379 143 42 Erheben
1428 2378 64 40 ihre
1513 2375 125 42 Tatzen.

1263 2438 63 33 Sie
1345 2436 116 41 drohen
1481 2435 57 33 mit
1558 2434 56 34 den
1637 2431 135 41 Pfoten:

1266 2495 81 42 „Die
1367 2493 122 35 Mutter
1510 2491 82 41 hat's
1613 2488 161 35 verboten!

1263 2552 114 34 Miau!
1397 2550 89 34 Mio!
1506 2547 113 35 Miau!
1638 2546 90 34 Mio!

1265 2608 114 40 Wirf's
1403 2607 82 41 weg!
1520 2604 99 42 Sonst
1643 2602 118 40 brennst
1788 2602 38 33 du
1849 2597 196 43 lichterloh!"
