2200 3010
1035 2857 59 34 (24)

1476 177 91 64 Die
1590 179 261 77 Geschichte

1352 273 118 50 vom
1492 259 266 77 fliegenden
1782 258 208 66 Robert.

1309 423 101 35 Wenn
1430 425 51 34 der
1500 426 109 42 Regen
1628 428 219 44 niederbraust,

1309 490 101 34 Wenn
1432 492 51 33 der
1504 492 115 35 Sturm
1640 495 58 35 das
1718 495 78 42 Feld
1820 497 178 43 durchsaust,

1309 557 135 34 Bleiben
1460 558 152 41 Mädchen
1629 561 71 34 oder
1717 562 113 34 Buben

1311 624 116 40 Hübsch
1451 625 120 40 daheim
1595 627 31 33 in
1650 627 85 40 ihren
1758 628 137 36 Stuben.
1920 648 38 5 —

1308 688 165 36 Robert
1491 691 72 33 aber
1581 692 116 41 dachte:
1718 694 101 33 Nein!

1310 756 73 34 Das
1405 757 73 40 muß
1502 758 140 41 draußen
1664 760 124 41 herrlich
1812 761 78 41 sein!
1915 781 38 4 —

1309 823 71 33 Und
1399 824 41 32 im
1457 823 96 41 Felde
1568 825 127 41 patschet
1711 838 30 22 er

1308 889 66 34 Mit
1392 890 66 34 dein
1476 890 215 43 Regenschirm
1710 894 115 40 umher.

170 1368 77 41 Hui,
269 1369 57 32 wie
350 1368 87 39 pfeist
459 1369 50 33 der
532 1367 115 36 Sturm
670 1369 63 34 und
756 1368 106 42 keucht,

168 1432 74 42 Daß
262 1434 50 32 der
329 1434 106 33 Baum
452 1434 50 40 sich
520 1435 214 41 niederbeugt!

168 1498 99 41 Seht!
286 1500 57 33 den
361 1499 125 41 Schirm
504 1500 101 41 erfaßt
624 1501 49 33 der
691 1500 107 41 Wind,

169 1564 71 34 Und
260 1565 51 33 der
329 1564 120 34 Robert
467 1565 83 42 fliegt
569 1566 168 41 geschwind

169 1631 103 41 Durch
296 1634 47 33 die
366 1632 74 39 Luft
463 1633 28 39 so
515 1632 80 41 hoch,
617 1634 28 40 so
669 1634 87 40 weit;

171 1698 156 34 Niemand
346 1699 67 39 hört
430 1699 63 40 ihn,
512 1706 89 27 wenn
619 1711 31 23 er
667 1699 109 41 schreit.

169 1765 52 33 An
241 1765 47 34 die
305 1764 124 34 Wolken
448 1764 76 40 stößt
542 1775 30 24 er
591 1765 94 42 schon,

172 1833 72 33 Und
263 1833 50 33 der
333 1832 66 41 Hut
418 1832 86 41 fliegt
522 1832 71 40 auch
613 1833 111 34 davon.

1260 2255 125 42 Schirm
1403 2258 62 33 und
1485 2258 118 35 Robert
1622 2259 112 42 fliegen
1754 2261 67 34 dort

1260 2323 102 42 Durch
1384 2326 47 33 die
1450 2325 124 34 Wolken
1597 2327 178 41 immerfort.

1260 2391 71 34 Und
1354 2392 50 33 der
1425 2392 66 40 Hut
1512 2393 87 40 fliegt
1620 2394 71 34 weit
1711 2404 108 31 voran,

1258 2456 102 41 Stößt
1379 2458 102 40 zuletzt
1499 2469 48 22 am
1568 2459 138 41 Himmel
1724 2470 50 24 an.

1258 2522 59 35 Wo
1340 2524 50 33 der
1407 2523 95 35 Wind
1524 2525 35 40 sie
1580 2525 213 41 hingetragen.

1259 2588 67 43 Ja!
1343 2590 58 34 das
1420 2590 79 40 weiß
1517 2591 61 33 kein
1596 2590 121 43 Mensch
1736 2601 35 31 zu
1789 2592 101 41 sagen.
