2200 3010
1063 2827 62 33 (12,

521 159 92 66 Die
637 157 262 76 Geschichte
927 173 116 48 vom
1065 157 182 64 wilden
1263 157 186 80 Jäger.

890 1475 83 40 Jetzt
992 1475 93 43 schien
1104 1475 46 34 die
1168 1474 115 34 Sonne
1303 1484 54 31 gar
1375 1484 35 31 zu
1430 1474 74 42 sehr,

892 1528 53 33 Da
968 1529 85 32 ward
1078 1527 62 41 ihm
1162 1528 61 40 sein
1245 1527 134 41 Gewehr
1401 1537 36 31 zu
1460 1527 115 41 schwer.

893 1581 46 33 Er
960 1581 77 41 legte
1058 1580 51 42 sich
1131 1583 53 32 ins
1206 1582 96 39 grüne
1323 1580 106 40 Gras;

891 1634 74 34 Das
985 1635 77 33 alles
1083 1634 49 41 sah
1153 1635 50 32 der
1224 1634 92 34 kleine
1338 1634 83 40 Has.

892 1688 71 32 Und
981 1687 50 33 als
1050 1688 50 32 der
1117 1687 103 41 Jäger
1237 1686 155 41 schnarcht'
1411 1688 62 33 und
1492 1685 107 41 schlief,

889 1739 66 34 Der
970 1741 71 39 Has
1062 1750 77 31 ganz
1157 1740 136 40 heimlich
1313 1750 35 30 zu
1368 1739 62 41 ihm
1447 1739 54 39 lief

892 1794 71 32 Und
981 1793 93 40 nahm
1092 1793 46 33 die
1154 1792 102 41 Flint'
1274 1793 62 33 und
1354 1792 71 40 auch
1444 1792 46 33 die
1508 1791 94 33 Brill'

892 1846 72 34 Und
983 1846 99 42 schlich
1103 1846 100 33 davon
1224 1855 77 31 ganz
1319 1845 62 41 leis'
1401 1846 62 33 und
1483 1845 66 39 slill.

1216 492 73 34 Das
1310 494 142 41 Häschen
1471 495 55 40 sitzt
1545 496 39 32 im
1604 495 209 41 Blätterhaus

1216 547 72 33 Und
1305 547 76 40 lacht
1396 547 56 34 den
1470 548 114 34 wilden
1599 548 106 41 Jäger
1721 553 71 31 aus.

123 275 46 35 Es
185 284 53 32 zog
255 276 51 34 der
321 274 92 37 wildL
427 274 225 41 Jägersmann

122 328 82 34 Sein
226 329 158 39 grasgrün
404 332 98 29 neues
522 327 142 33 Röcklein
686 335 57 31 an;

124 381 101 41 Nahm
245 381 142 41 Ranzen,
408 380 203 41 Pulverhorn
628 379 63 34 und
712 377 112 43 Flint'-

122 435 70 33 Und
211 434 54 41 lief
282 434 119 41 hinaus
421 435 53 32 ins
492 433 80 41 Feld
593 431 177 43 geschwind.

61 573 36 34 Er
111 575 67 40 trug
196 573 47 34 die
260 572 100 34 Brille
377 572 54 40 auf
447 572 51 32 der
515 570 75 40 Ras'

62 627 58 34 Und
140 626 98 34 wollte
257 625 134 41 schießen
409 626 45 32 tot
473 625 56 33 den
550 624 82 39 Has.
